@article{hal-04626855,
  TITLE = {Childhood and adulthood passive and active smoking, and the ABO group as risk factors for pancreatic cancer in women},
  AUTHOR = {Anne Laure Vedie and Nasser Laouali and Amandine Gelot and Gianluca Severi and Marie Christine Boutron-Ruault and Vinciane Rebours},
  URL = {https://hal.science/hal-04626855v1},
  JOURNAL = {United European Gastroenterology Journal},
  PUBLISHER = {SAGE Publications},
  VOLUME = {12},
  PAGES = {440 - 450},
  YEAR = {2024},
  DOI = {10.1002/ueg2.12487},
  HAL_ID = {hal-04626855},
}

@article{hal-04610361,
  TITLE = {Effect of ohmic heating on the structure and properties of flexible multilayer packaging},
  AUTHOR = {Lu{\'\i}s Marangoni J\'unior and Rui M Rodrigues and Ricardo N Pereira and Pedro Esteves Duarte Augusto and Danielle Ito and F\'abio Teixeira Gomes and Marisa Padula and Ant\'onio A Vicente},
  URL = {https://hal.science/hal-04610361v1},
  JOURNAL = {Food Chemistry},
  PUBLISHER = {Elsevier},
  VOLUME = {},
  PAGES = {140038},
  YEAR = {2024},
  DOI = {10.1016/j.foodchem.2024.140038},
  HAL_ID = {hal-04610361},
}

@article{hal-04488229,
  TITLE = {Impact of image registration errors on the quality of hyperspectral images in imaging static Fourier transform spectrometry},
  AUTHOR = {Varvara Chiliaeva and Andr\'es Almansa and Yann Ferrec and Jean-Michel Gaucel and Olivier Gazzano and Francois Goudail and Rodolphe Krawczyk and Herv\'e Sauer},
  URL = {https://hal.science/hal-04488229v1},
  JOURNAL = {Optics Express},
  PUBLISHER = {Optical Society of America - OSA Publishing},
  VOLUME = {32},
  PAGES = {7012-7029},
  YEAR = {2024},
  DOI = {10.1364/oe.502337},
  HAL_ID = {hal-04488229},
}

@article{hal-04601116,
  TITLE = {Oxygen tilt driven polar superorders in BiFeO3-based superlattices},
  AUTHOR = {Ran Xu and Francesco Delodovici and Brahim Dkhil and Charles Paillard},
  URL = {https://centralesupelec.hal.science/hal-04601116v1},
  JOURNAL = {Physical Review B},
  PUBLISHER = {American Physical Society},
  VOLUME = {109},
  PAGES = {L220101},
  YEAR = {2024},
  DOI = {10.1103/PhysRevB.109.L220101},
  HAL_ID = {hal-04601116},
}

@article{cea-04803344,
  TITLE = {Assessment of stratification and entrainment models in CATHARE 3 code during FONESYS activities},
  AUTHOR = {Sofia Carnevali and Philippe Fillion},
  URL = {https://cea.hal.science/cea-04803344v1},
  JOURNAL = {Nuclear Engineering and Design},
  PUBLISHER = {Elsevier},
  VOLUME = {430},
  PAGES = {113700},
  YEAR = {2024},
  DOI = {10.1016/j.nucengdes.2024.113700},
  HAL_ID = {cea-04803344},
}

@article{hal-04196627,
  TITLE = {Chemotherapy with or without selective internal radiation therapy for intrahepatic cholangiocarcinoma: Data from clinical trials},
  AUTHOR = {Julien Edeline and John Bridgewater and Boris Campillo-Gimenez and Estelle Neveu and Jean-Marc Ph\'elip and Cindy Neuzillet and Karim Boudjema and Yan Rolland and Juan W. Valle and Etienne Garin and David Malka and Angela Lamarca},
  URL = {https://hal.science/hal-04196627v1},
  JOURNAL = {Hepatology},
  PUBLISHER = {Wiley-Blackwell},
  VOLUME = {79},
  PAGES = {96-106},
  YEAR = {2024},
  DOI = {10.1097/HEP.0000000000000544},
  HAL_ID = {hal-04196627},
}

@inproceedings{insu-04501100,
  TITLE = {Three-dimensional modeling of the O2(1\ensuremath{\Delta}) dayglow and implications for ozone in the middle atmosphere.},
  AUTHOR = {Mouhamadou Diouf and Franck Lef\`evre and Alain Hauchecorne and Jean-Loup Bertaux},
  URL = {https://insu.hal.science/insu-04501100v1},
  JOURNAL = {},
  PUBLISHER = {},
  VOLUME = {},
  PAGES = {EGU24-1897},
  YEAR = {2024},
  DOI = {10.5194/egusphere-egu24-1897},
  HAL_ID = {insu-04501100},
}

@phdthesis{tel-04907880,
  TITLE = {Etude de la macro\'evolution des Caulimoviridae par l'analyse phylog\'en\'etique des s\'equences virales endog\`enes},
  AUTHOR = {H\'el\'ena Vassilieff},
  URL = {https://theses.hal.science/tel-04907880v1},
  JOURNAL = {},
  PUBLISHER = {},
  VOLUME = {},
  PAGES = {},
  YEAR = {2024},
  DOI = {},
  HAL_ID = {tel-04907880},
}

@article{hal-04797718,
  TITLE = {Anisotropic flat band and charge density wave in quasi-one-dimensional indium telluride},
  AUTHOR = {Meryem Bouaziz and Aymen Mahmoudi and Davide Romanin and Jean-Christophe Girard and Yannick J Dappe and Fran\c{c}ois Bertran and Marco Pala and Julien Chaste and Fabrice Oehler and Abdelkarim Ouerghi},
  URL = {https://hal.science/hal-04797718v1},
  JOURNAL = {Physical Review B},
  PUBLISHER = {American Physical Society},
  VOLUME = {110},
  PAGES = {045441},
  YEAR = {2024},
  DOI = {10.1103/physrevb.110.045441},
  HAL_ID = {hal-04797718},
}

@inproceedings{hal-04823620,
  TITLE = {About the choice of the indenter to determine mechanical properties of superalloys by using high temperature microhardness tester},
  AUTHOR = {Bruno Passilly and Am\'elie Kardache},
  URL = {https://hal.science/hal-04823620v1},
  JOURNAL = {},
  PUBLISHER = {},
  VOLUME = {50},
  PAGES = {81-87},
  YEAR = {2024},
  DOI = {10.14311/APP.2024.50.0081},
  HAL_ID = {hal-04823620},
}

@misc{insu-04513745,
  TITLE = {Unraveling Gravity Wave Coupling from Surface to Stratosphere above La R\'eunion's Ma{\"\i}do Observatory (21{\textdegree}S, 55.5{\textdegree}E) from Doppler and Rayleigh lidar observations},
  AUTHOR = {Samuel Tr\'emoulu and Fabrice Chane Ming and Sergey Khaykin and Mathieu Ratynski and Alain Hauchecorne and Philippe Keckhut and Christophe Bellisario},
  URL = {https://insu.hal.science/insu-04513745v1},
  JOURNAL = {},
  PUBLISHER = {},
  VOLUME = {},
  PAGES = {EGU24-17591},
  YEAR = {2024},
  DOI = {10.5194/egusphere-egu24-17591},
  HAL_ID = {insu-04513745},
}

@misc{hal-04631223,
  TITLE = {Understanding taxonomic diversity and functional signatures of fermented vegetables microbiome},
  AUTHOR = {Romane Junker and Florence Valence and Michel-Yves Mistou and H\'el\`ene Chiapello and St\'ephane Chaillou},
  URL = {https://hal.inrae.fr/hal-04631223v1},
  JOURNAL = {},
  PUBLISHER = {},
  VOLUME = {},
  PAGES = {},
  YEAR = {2024},
  DOI = {},
  HAL_ID = {hal-04631223},
}

@phdthesis{tel-04877721,
  TITLE = {Semi-passive conditionning circuits for efficient electrostatic energy harvesting},
  AUTHOR = {Jhordan Chavez},
  URL = {https://hal.science/tel-04877721v2},
  JOURNAL = {},
  PUBLISHER = {},
  VOLUME = {},
  PAGES = {},
  YEAR = {2024},
  DOI = {},
  HAL_ID = {tel-04877721},
}

@article{hal-04705882,
  TITLE = {An analytical survey of zinc white historical and modern artists{\textquoteright} materials},
  AUTHOR = {Nicoletta Palladino and Mathilde Occelli and Gilles Wallez and Yvan Coquinot and Quentin Lemasson and Laurent Pichon and Slavica Stankic and Victor Etgens and Johanna Salvant},
  URL = {https://hal.science/hal-04705882v1},
  JOURNAL = {Heritage Science},
  PUBLISHER = {Springer},
  VOLUME = {12},
  PAGES = {47},
  YEAR = {2024},
  DOI = {10.1186/s40494-023-01082-4},
  HAL_ID = {hal-04705882},
}

@incollection{hal-04701755,
  TITLE = {L'agriculture a-t-elle sa place en ville ?},
  AUTHOR = {Christophe Soulard and Christine Aubry and Elodie R\'egnier},
  URL = {https://hal.inrae.fr/hal-04701755v1},
  JOURNAL = {},
  PUBLISHER = {},
  VOLUME = {},
  PAGES = {74-93},
  YEAR = {2024},
  DOI = {10.17180/NV13-BZ97},
  HAL_ID = {hal-04701755},
}

@techreport{halshs-04654215,
  TITLE = {Rapport de la mission pr\'ecarit\'e et sant\'e des \'etudiant-es 2021-2024 - UPN},
  AUTHOR = {Fanny Bugeja-Bloch and C\'eline Cl\'ement and Sabine Fortino and Le{\"\i}la Frouillou and Alexandra Oeser},
  URL = {https://shs.hal.science/halshs-04654215v1},
  JOURNAL = {},
  PUBLISHER = {},
  VOLUME = {},
  PAGES = {165 p.},
  YEAR = {2024},
  DOI = {},
  HAL_ID = {halshs-04654215},
}

@article{hal-04761591,
  TITLE = {Management of neonates exposed prenatally to opioids: Impact of a developmental care program implementation},
  AUTHOR = {Gilles Cambonie and Lison Aujogues Dit Baron and Cl\'ementine Combes and Corinne Chanal and Evelyne Mazurier and Rose-Marie Toubin and Mathilde Fortier and Angelo Polito and Florent Fuchs and Arthur Gavotto},
  URL = {https://hal.science/hal-04761591v1},
  JOURNAL = {Early Human Development},
  PUBLISHER = {Elsevier},
  VOLUME = {198},
  PAGES = {106132},
  YEAR = {2024},
  DOI = {10.1016/j.earlhumdev.2024.106132},
  HAL_ID = {hal-04761591},
}

@article{hal-04603475,
  TITLE = {Surface networks in the Arctic may miss a future \ensuremath{<}i\ensuremath{>}methane bomb\ensuremath{<}/i\ensuremath{>}},
  AUTHOR = {Sophie Wittig and Antoine Berchet and Isabelle Pison and Marielle Saunois and Jean-Daniel Paris},
  URL = {https://hal.science/hal-04603475v1},
  JOURNAL = {Atmospheric Chemistry and Physics},
  PUBLISHER = {European Geosciences Union},
  VOLUME = {24},
  PAGES = {6359 - 6373},
  YEAR = {2024},
  DOI = {10.5194/acp-24-6359-2024},
  HAL_ID = {hal-04603475},
}

@article{hal-04446862,
  TITLE = {Unraveling Generalized Parton Distributions Through Lorentz Symmetry and Partial DGLAP Knowledge},
  AUTHOR = {P Dall'Olio and F de Soto and C Mezrag and J.M Morgado Ch\'avez and H Moutarde and J Rodr{\'\i}guez-Quintero and P Sznajder and J Segovia},
  URL = {https://hal.science/hal-04446862v1},
  JOURNAL = {Physical Review D},
  PUBLISHER = {American Physical Society},
  VOLUME = {109},
  PAGES = {096013},
  YEAR = {2024},
  DOI = {10.1103/PhysRevD.109.096013},
  HAL_ID = {hal-04446862},
}

@article{hal-04777337,
  TITLE = {Sources and Variability of Greenhouse Gases over Greece},
  AUTHOR = {Aikaterini Bougiatioti and Nikos Gialesakis and Yannis Sarafidis and Maria I Gini and Marios Mermigkas and Panayiotis Kalkavouras and Sebastian Mirasgedis and Michel Ramonet and Clement Narbaud and Morgan Lopez and Dimitris Balis and Konstantinos Eleftheriadis and Maria Kanakidou and Nikolaos Mihalopoulos},
  URL = {https://hal.science/hal-04777337v1},
  JOURNAL = {Atmosphere},
  PUBLISHER = {MDPI},
  VOLUME = {15},
  PAGES = {1288},
  YEAR = {2024},
  DOI = {10.3390/atmos15111288},
  HAL_ID = {hal-04777337},
}

@article{hal-04675342,
  TITLE = {Global net climate effects of anthropogenic reactive nitrogen},
  AUTHOR = {Cheng Gong and Hanqin Tian and Hong Liao and Naiqing Pan and Shufen Pan and Akihiko Ito and Atul K Jain and Sian Kou-Giesbrecht and Fortunat Joos and Qing Sun and Hao Shi and N. Vuichard and Qing Zhu and Changhui Peng and Federico Maggi and Fiona H M Tang and S\"onke Zaehle},
  URL = {https://hal.science/hal-04675342v1},
  JOURNAL = {Nature},
  PUBLISHER = {Nature Publishing Group},
  VOLUME = {632},
  PAGES = {557 - 563},
  YEAR = {2024},
  DOI = {10.1038/s41586-024-07714-4},
  HAL_ID = {hal-04675342},
}

@article{hal-04621393,
  TITLE = {Late Miocene to Early Pliocene paleoceanographic evolution of the Central South Pacific: A deep-sea benthic foraminiferal perspective},
  AUTHOR = {Sunil Das and N. Mahanta and B. Sahoo and Raj Singh and Carlos Alvarez Zarikian and Manish Tiwari and Nishant Vats and Frank Lamy and Gisela Winckler and Jennifer Middleton and Helge Arz and Julia Gottschalk and Chandranath Basak and Anieke Brombacher and Oliver Esper and Jesse Farmer and Lisa Herbert and Shinya Iwasaki and Lester Lembke-Jene and Vera Lawson and Li Lo and Elisa Malinverno and Elisabeth Michel and Simone Moretti and Christopher Moy and Ana Christina Ravelo and Christina Riesselman and Mariem Saavedra-Pellitero and Inah Seo and Rebecca Smith and Alexandre Souza and Joseph Stoner and Igor Venancio M.P. de Oliveira and Sui Wan and Xiangyu Zhao},
  URL = {https://hal.science/hal-04621393v1},
  JOURNAL = {Palaeogeography, Palaeoclimatology, Palaeoecology},
  PUBLISHER = {Elsevier},
  VOLUME = {647},
  PAGES = {112252},
  YEAR = {2024},
  DOI = {10.1016/j.palaeo.2024.112252},
  HAL_ID = {hal-04621393},
}

@inproceedings{hal-04604197,
  TITLE = {Deep (thermo)dynamic alterations upon the water wetting on a solid},
  AUTHOR = {Max Warburton and Patrick Baroni and Laurence Noirez},
  URL = {https://hal.science/hal-04604197v1},
  JOURNAL = {},
  PUBLISHER = {},
  VOLUME = {},
  PAGES = {},
  YEAR = {2024},
  DOI = {},
  HAL_ID = {hal-04604197},
}

@inproceedings{hal-04666633,
  TITLE = {Organisation et mod\'eration de ''Condensed matter and applications to industry'' de l'EPS FORUM},
  AUTHOR = {Laurence Noirez},
  URL = {https://hal.science/hal-04666633v1},
  JOURNAL = {},
  PUBLISHER = {},
  VOLUME = {},
  PAGES = {},
  YEAR = {2024},
  DOI = {},
  HAL_ID = {hal-04666633},
}

@inproceedings{hal-04770973,
  TITLE = {When liquids meet solids: An amazing microscale frontier that may govern the macroscopic rheological response},
  AUTHOR = {Laurence Noirez},
  URL = {https://hal.science/hal-04770973v1},
  JOURNAL = {},
  PUBLISHER = {},
  VOLUME = {},
  PAGES = {},
  YEAR = {2024},
  DOI = {},
  HAL_ID = {hal-04770973},
}

@phdthesis{tel-05056977,
  TITLE = {Integrated multiomic analysis, synthetic lethality inference and network pharmacology to identify SWI/SNF subunit-specific pathway alterations and targetable vulnerabilities},
  AUTHOR = {Jorge Bretones Santamarina},
  URL = {https://theses.hal.science/tel-05056977v1},
  JOURNAL = {},
  PUBLISHER = {},
  VOLUME = {},
  PAGES = {},
  YEAR = {2024},
  DOI = {},
  HAL_ID = {tel-05056977},
}

@article{inserm-04960742,
  TITLE = {Conducting observational analyses with the target trial emulation approach: a methodological systematic review},
  AUTHOR = {No\'emie Simon-Tillaux and Guillaume L Martin and David Hajage and Carole Scheifer and Maxime Beydon and Agnes Dechartres and Florence Tubach},
  URL = {https://inserm.hal.science/inserm-04960742v1},
  JOURNAL = {BMJ Open},
  PUBLISHER = {BMJ Publishing Group},
  VOLUME = {14},
  PAGES = {e086595},
  YEAR = {2024},
  DOI = {10.1136/bmjopen-2024-086595},
  HAL_ID = {inserm-04960742},
}

@article{hal-04626768,
  TITLE = {Spontaneously emerging internal models of visual sequences combine abstract and event-specific information in the prefrontal cortex},
  AUTHOR = {Marie E. Bellet and Marion Gay and Joachim Bellet and Bechir Jarraya and Stanislas Dehaene and Timo van Kerkoerle and Theofanis I. Panagiotaropoulos},
  URL = {https://hal.science/hal-04626768v1},
  JOURNAL = {Cell Reports},
  PUBLISHER = {Elsevier Inc},
  VOLUME = {43},
  PAGES = {113952},
  YEAR = {2024},
  DOI = {10.1016/j.celrep.2024.113952},
  HAL_ID = {hal-04626768},
}

@inproceedings{hal-04782411,
  TITLE = {Les pratiques s\'eculaires ont laiss\'e de profonds h\'eritages dans les \'ecosyst\`emes forestiers de la r\'egion Occitanie},
  AUTHOR = {M. Saulnier and Lison Chassaing and Roberta D'Andrea and Vanessa Py-Saragaglia and Nicolas Poirier},
  URL = {https://hal.science/hal-04782411v1},
  JOURNAL = {},
  PUBLISHER = {},
  VOLUME = {},
  PAGES = {},
  YEAR = {2024},
  DOI = {},
  HAL_ID = {hal-04782411},
}

@inproceedings{hal-04852854,
  TITLE = {Studying the evolution of lead sources over the long time scale: the case of Notre-Dame de Paris (12th-19th c.)},
  AUTHOR = {Maxime L'H\'eritier and Sandrine Baron and St\'ephanie Diane Daussy and Guillaume Sarah and Laurence Lestel and Delphine Syvilay and Aur\'elia Az\'ema},
  URL = {https://hal.science/hal-04852854v1},
  JOURNAL = {},
  PUBLISHER = {},
  VOLUME = {},
  PAGES = {},
  YEAR = {2024},
  DOI = {},
  HAL_ID = {hal-04852854},
}

@article{hal-04870872,
  TITLE = {Stretchable conducting polymer PEDOT:PSS treated with hard-cation-soft-anion ionic liquid designed from molecular modeling},
  AUTHOR = {Yves Lansac and Changwon Choi and Yun Hee Jang},
  URL = {https://hal.science/hal-04870872v1},
  JOURNAL = {Bulletin of the Korean Chemical Society},
  PUBLISHER = {Korean Chemical Society / Wiley},
  VOLUME = {45},
  PAGES = {896-905},
  YEAR = {2024},
  DOI = {10.1002/bkcs.12908},
  HAL_ID = {hal-04870872},
}

@inproceedings{hal-04703143,
  TITLE = {D\'esalignement, design et nouvelles formes de la mat\'erialit\'e},
  AUTHOR = {Pierre-Antoine Chardel and Olaf Avenati},
  URL = {https://hal.science/hal-04703143v1},
  JOURNAL = {},
  PUBLISHER = {},
  VOLUME = {},
  PAGES = {},
  YEAR = {2024},
  DOI = {},
  HAL_ID = {hal-04703143},
}

@article{hal-04684471,
  TITLE = {Possible crosstalk between the Arabidopsis TSPO-related protein and the transcription factor WRINKLED1},
  AUTHOR = {Kaushal Kumar Bhati and Ai My Luong and Franziska Dittrich-Domergue and Sabine D{\textquoteright}andrea and Patrick Moreau and Henri Batoko},
  URL = {https://hal.science/hal-04684471v1},
  JOURNAL = {Biochimie},
  PUBLISHER = {Elsevier},
  VOLUME = {224},
  PAGES = {62-70},
  YEAR = {2024},
  DOI = {10.1016/j.biochi.2024.05.011},
  HAL_ID = {hal-04684471},
}

@article{hal-04265714,
  TITLE = {Diffractive single hadron production in a saturation framework at the NLO},
  AUTHOR = {Michael Fucilla and Andrey Grabovsky and Emilie Li and Lech Szymanowski and Samuel Wallon},
  URL = {https://hal.science/hal-04265714v1},
  JOURNAL = {Journal of High Energy Physics},
  PUBLISHER = {Springer},
  VOLUME = {02},
  PAGES = {165},
  YEAR = {2024},
  DOI = {10.1007/JHEP02(2024)165},
  HAL_ID = {hal-04265714},
}

@misc{hal-04552675,
  TITLE = {Le l\'egendaire dans les textes de filiation},
  AUTHOR = {Aur\'elie Barjonet and Doris G. Eibl},
  URL = {https://hal.science/hal-04552675v1},
  JOURNAL = {Revue des Sciences Humaines},
  PUBLISHER = {Presses universitaires du Septentrion},
  VOLUME = {},
  PAGES = {},
  YEAR = {2024},
  DOI = {10.4000/rsh.4974},
  HAL_ID = {hal-04552675},
}

@article{hal-04991802,
  TITLE = {Thermal properties of ASR products},
  AUTHOR = {Tulio Honorio and Syrine Razki and Alexandra Bourdot and Farid Benboudjema},
  URL = {https://hal.science/hal-04991802v1},
  JOURNAL = {Materials and structures},
  PUBLISHER = {Springer Verlag},
  VOLUME = {57},
  PAGES = {117},
  YEAR = {2024},
  DOI = {10.1617/s11527-024-02388-w},
  HAL_ID = {hal-04991802},
}

@phdthesis{tel-05094080,
  TITLE = {PPARy, un acteur majeur de l'hom\'eostasie du stroma m\'edullaire et une cible th\'erapeutique pour la my\'elofibrose ?},
  AUTHOR = {Ma\`eva Boudouin},
  URL = {https://theses.hal.science/tel-05094080v1},
  JOURNAL = {},
  PUBLISHER = {},
  VOLUME = {},
  PAGES = {},
  YEAR = {2024},
  DOI = {},
  HAL_ID = {tel-05094080},
}

@inproceedings{hal-04644966,
  TITLE = {Galaxy CoDex for finding tools, workflows, and training},
  AUTHOR = {B\'er\'enice Batut and Wendi Bacon and Paul Zierep and Matthias Bernt and Nicola Soranzo and Ove Johan Ragnar Gustafsson},
  URL = {https://hal.science/hal-04644966v1},
  JOURNAL = {},
  PUBLISHER = {},
  VOLUME = {},
  PAGES = {},
  YEAR = {2024},
  DOI = {10.7490/f1000research.1119764.1},
  HAL_ID = {hal-04644966},
}

@inproceedings{hal-04991144,
  TITLE = {Leveraging Spatial Context for Improved Long-Term Predictions with Swin Transformers},
  AUTHOR = {Stephane da Silva Martins and Emanuel Aldea and S. Le H\'egarat-Mascle},
  URL = {https://hal.science/hal-04991144v1},
  JOURNAL = {},
  PUBLISHER = {},
  VOLUME = {},
  PAGES = {1-7},
  YEAR = {2024},
  DOI = {10.1109/avss61716.2024.10672592},
  HAL_ID = {hal-04991144},
}

@article{hal-04645948,
  TITLE = {Full native timsTOF PASEF-enabled quantitative proteomics with the i2MassChroQ software package},
  AUTHOR = {Olivier Langella and Thomas Renne and Thierry Balliau and Marl\`ene Davanture and Sven Brehmer and Michel Zivy and M\'elisande Blein-Nicolas and Filippo Rusconi},
  URL = {https://hal.science/hal-04645948v2},
  JOURNAL = {Journal of Proteome Research},
  PUBLISHER = {American Chemical Society},
  VOLUME = {},
  PAGES = {Online ahead of print},
  YEAR = {2024},
  DOI = {10.1021/acs.jproteome.3c00732},
  HAL_ID = {hal-04645948},
}

@article{hal-04492929,
  TITLE = {(p)ppGpp modifies RNAP function to confer \ensuremath{\beta}-lactam resistance in a peptidoglycan-independent manner},
  AUTHOR = {Henri Voedts and Constantin Anoyatis-Pel\'e and Olivier Langella and Filippo Rusconi and Jean-Emmanuel Hugonnet and Michel Arthur},
  URL = {https://hal.sorbonne-universite.fr/hal-04492929v1},
  JOURNAL = {Nature Microbiology},
  PUBLISHER = {Nature Publishing Group},
  VOLUME = {9},
  PAGES = {647-656},
  YEAR = {2024},
  DOI = {10.1038/s41564-024-01609-w},
  HAL_ID = {hal-04492929},
}

@inproceedings{hal-04593889,
  TITLE = {Full DDA quantitative proteomics with the i2MassChroQ software project},
  AUTHOR = {Olivier Langella and Filippo Rusconi},
  URL = {https://hal.science/hal-04593889v1},
  JOURNAL = {},
  PUBLISHER = {},
  VOLUME = {},
  PAGES = {},
  YEAR = {2024},
  DOI = {},
  HAL_ID = {hal-04593889},
}

@article{hal-04669353,
  TITLE = {Bulk-induced D-brane deformations and the string coupling constant},
  AUTHOR = {Carlo Maccaferri and Alberto Ruffino and Jakub Vo\v{s}mera},
  URL = {https://hal.science/hal-04669353v1},
  JOURNAL = {JHEP},
  PUBLISHER = {},
  VOLUME = {10},
  PAGES = {115},
  YEAR = {2024},
  DOI = {10.1007/JHEP10(2024)115},
  HAL_ID = {hal-04669353},
}

@article{hal-04396955,
  TITLE = {Missing local operators, zeros, and twist-4 trajectories},
  AUTHOR = {Johan Henriksson and Petr Kravchuk and Brett Oertel},
  URL = {https://hal.science/hal-04396955v1},
  JOURNAL = {JHEP},
  PUBLISHER = {},
  VOLUME = {07},
  PAGES = {248},
  YEAR = {2024},
  DOI = {10.1007/JHEP07(2024)248},
  HAL_ID = {hal-04396955},
}

@article{hal-04480633,
  TITLE = {Gravitational Waveform: A Tale of Two Formalisms},
  AUTHOR = {Donato Bini and Thibault Damour and Stefano de Angelis and Andrea Geralico and Aidan Herderschee and Radu Roiban and Fei Teng},
  URL = {https://hal.science/hal-04480633v1},
  JOURNAL = {Phys.Rev.D},
  PUBLISHER = {},
  VOLUME = {109},
  PAGES = {125008},
  YEAR = {2024},
  DOI = {10.1103/PhysRevD.109.125008},
  HAL_ID = {hal-04480633},
}

@article{hal-04501202,
  TITLE = {Integrative systems biology of wheat susceptibility to Fusarium graminearum uncovers a conserved gene regulatory network and identifies master regulators targeted by fungal core effectors},
  AUTHOR = {Florian Rocher and Samir Dou and G\'eraldine Philippe and Marie-Laure Martin and Philippe Label and Thierry Langin and Ludovic Bonhomme},
  URL = {https://hal.inrae.fr/hal-04501202v1},
  JOURNAL = {BMC Biology},
  PUBLISHER = {BioMed Central},
  VOLUME = {22},
  PAGES = {},
  YEAR = {2024},
  DOI = {10.1186/s12915-024-01852-x},
  HAL_ID = {hal-04501202},
}

@article{hal-04273943,
  TITLE = {Longitudinal kinematic imbalances in (anti-)neutrino interactions for improved measurements of nuclear removal energies and the axial vector form factor},
  AUTHOR = {Nathan Baudis and Stephen Dolan and Davide Sgalaberna and Sara Bolognesi and Laura Munteanu and Till Dieminger},
  URL = {https://hal.science/hal-04273943v1},
  JOURNAL = {Phys.Rev.D},
  PUBLISHER = {},
  VOLUME = {110},
  PAGES = {032019},
  YEAR = {2024},
  DOI = {10.1103/PhysRevD.110.032019},
  HAL_ID = {hal-04273943},
}

@article{hal-04706044,
  TITLE = {Amylase activity across black soldier fly larvae development and feeding substrates: insights on starch digestibility and external digestion},
  AUTHOR = {J.B. Guillaume and J.L. da Lage and S. Mezdour and Fr\'ed\'eric Marion-Poll and C M C Terrol and C.M.C. Brouzes and Philippe Schmidely},
  URL = {https://hal.science/hal-04706044v1},
  JOURNAL = {Animal},
  PUBLISHER = {Published by Elsevier (since 2021) / Cambridge University Press (until 2020)},
  VOLUME = {18},
  PAGES = {101337},
  YEAR = {2024},
  DOI = {10.1016/j.animal.2024.101337},
  HAL_ID = {hal-04706044},
}

@article{hal-04256551,
  TITLE = {Functional renormalization group for signal detection and stochastic ergodicity breaking},
  AUTHOR = {Harold Erbin and Riccardo Finotello and Bio Wahabou Kpera and Vincent Lahoche and Dine Ousmane Samary},
  URL = {https://hal.science/hal-04256551v1},
  JOURNAL = {J.Stat.Mech.},
  PUBLISHER = {},
  VOLUME = {2024},
  PAGES = {083203},
  YEAR = {2024},
  DOI = {10.1088/1742-5468/ad5c5c},
  HAL_ID = {hal-04256551},
}

@article{hal-04659907,
  TITLE = {Pr\'evision des crues en milieu montagneux sous climat tropical : exemple de La R\'eunion},
  AUTHOR = {Florent Baby and Patrick Boujard and St\'ephane Martel and Anthony Roulenq and David Villani and Didier Organde and Pierre Javelle and Fran\c{c}ois Tilmant and Charles Perrin},
  URL = {https://hal.inrae.fr/hal-04659907v1},
  JOURNAL = {LHB Hydroscience Journal},
  PUBLISHER = {Taylor \& Francis Group},
  VOLUME = {},
  PAGES = {},
  YEAR = {2024},
  DOI = {10.1080/27678490.2024.2374540},
  HAL_ID = {hal-04659907},
}

@article{hal-04997434,
  TITLE = {Cracking the neural code for word recognition in convolutional neural networks},
  AUTHOR = {Aakash Agrawal and Stanislas Dehaene},
  URL = {https://college-de-france.hal.science/hal-04997434v1},
  JOURNAL = {PLoS Computational Biology},
  PUBLISHER = {PLOS},
  VOLUME = {20},
  PAGES = {e1012430},
  YEAR = {2024},
  DOI = {10.1371/journal.pcbi.1012430},
  HAL_ID = {hal-04997434},
}

@article{hal-04743748,
  TITLE = {On pressure-driven Poiseuille flow with non-monotonic rheology},
  AUTHOR = {L. Talon and D. Salin},
  URL = {https://universite-paris-saclay.hal.science/hal-04743748v1},
  JOURNAL = {European Physical Journal E: Soft matter and biological physics},
  PUBLISHER = {EDP Sciences: EPJ / Springer Nature},
  VOLUME = {47},
  PAGES = {52},
  YEAR = {2024},
  DOI = {10.1140/epje/s10189-024-00444-5},
  HAL_ID = {hal-04743748},
}

@inproceedings{halshs-04544007,
  TITLE = {Politicizing sobriety in the epoch of the Anthropocene},
  AUTHOR = {Nathana\"el Wallenhorst and Bruno Villalba},
  URL = {https://shs.hal.science/halshs-04544007v1},
  JOURNAL = {},
  PUBLISHER = {},
  VOLUME = {},
  PAGES = {},
  YEAR = {2024},
  DOI = {},
  HAL_ID = {halshs-04544007},
}

@article{hal-04807272,
  TITLE = {Self-Avoiding Walks on Cayley Graphs Through the Lens of Symbolic Dynamics},
  AUTHOR = {Nathalie Aubrun and Nicol\'as Bitar},
  URL = {https://hal.science/hal-04807272v1},
  JOURNAL = {The Electronic Journal of Combinatorics},
  PUBLISHER = {Open Journal Systems},
  VOLUME = {31},
  PAGES = {P4.24},
  YEAR = {2024},
  DOI = {10.37236/13065},
  HAL_ID = {hal-04807272},
}

@article{hal-04644501,
  TITLE = {Expression of dystrophin Dp71 splice variants Is temporally regulated during rodent brain development},
  AUTHOR = {Mayram Gonz\'alez-Reyes and Jorge Arag\'on and Alejandra S\'anchez-Trujillo and Griselda Rodr{\'\i}guez-Mart{\'\i}nez and Kevin Duarte and Evangelia Eleftheriou and Jean-Vianney Barnier and Delphine Naquin and Claude Thermes and Jos\'e Romo-Y\'a\~nez and J\'er\^ome E. Roger and Alvaro Rendon and Cyrille Vaillend and Cecilia Montanez},
  URL = {https://hal.science/hal-04644501v1},
  JOURNAL = {Molecular Neurobiology},
  PUBLISHER = {Springer},
  VOLUME = {61},
  PAGES = {10883-10900},
  YEAR = {2024},
  DOI = {10.1007/s12035-024-04232-2},
  HAL_ID = {hal-04644501},
}

@inproceedings{halshs-04766855,
  TITLE = {Pratiques de l'enqu\^ete},
  AUTHOR = {Milena Jak\v{s}i\'c and Nicolas Fischer},
  URL = {https://shs.hal.science/halshs-04766855v1},
  JOURNAL = {},
  PUBLISHER = {},
  VOLUME = {},
  PAGES = {},
  YEAR = {2024},
  DOI = {},
  HAL_ID = {halshs-04766855},
}

@article{inserm-04434005,
  TITLE = {The impact of a telephone hotline on suicide attempts and self-injurious behaviors in patients with borderline personality disorder},
  AUTHOR = {Alice Buronfosse and Marion Robin and Mario Speranza and Philibert Duriez and J\'er\^ome Silva and Maurice Corcos and Fabienne Perdereau and Nadia Younes and Lionel Cailhol and Philip Gorwood and Alexandra Pham-Scottez},
  URL = {https://inserm.hal.science/inserm-04434005v1},
  JOURNAL = {Frontiers in Psychiatry},
  PUBLISHER = {Frontiers},
  VOLUME = {14},
  PAGES = {1288195},
  YEAR = {2024},
  DOI = {10.3389/fpsyt.2023.1288195},
  HAL_ID = {inserm-04434005},
}

@inproceedings{hal-04502567,
  TITLE = {Learning with fixed point condition for convergent PnP PET reconstruction},
  AUTHOR = {M. Savanier and Claude Comtat and Florent Sureau},
  URL = {https://hal.science/hal-04502567v1},
  JOURNAL = {},
  PUBLISHER = {},
  VOLUME = {},
  PAGES = {},
  YEAR = {2024},
  DOI = {},
  HAL_ID = {hal-04502567},
}

@unpublished{hal-04739924,
  TITLE = {Sentiment Analysis of Bloomberg Markets Wrap Using ChatGPT: Application to the NASDAQ},
  AUTHOR = {Baptiste Lefort and Eric Benhamou and Jean-Jacques Ohana and David Saltiel and Beatrice Guez and Thomas Jacquot},
  URL = {https://hal.science/hal-04739924v1},
  JOURNAL = {},
  PUBLISHER = {},
  VOLUME = {},
  PAGES = {},
  YEAR = {2024},
  DOI = {},
  HAL_ID = {hal-04739924},
}

@inproceedings{hal-04714120,
  TITLE = {High Q-factor coupled Fabry-Perot plasmonic nanoresonator},
  AUTHOR = {Baptiste Fix},
  URL = {https://hal.science/hal-04714120v1},
  JOURNAL = {},
  PUBLISHER = {},
  VOLUME = {},
  PAGES = {},
  YEAR = {2024},
  DOI = {},
  HAL_ID = {hal-04714120},
}

@article{hal-04723312,
  TITLE = {Physics-Informed Graph-Mesh Networks for PDEs: A hybrid approach for complex problems},
  AUTHOR = {M. Chenaud and Frederic Magoules and J. Alves},
  URL = {https://hal.science/hal-04723312v1},
  JOURNAL = {Advances in Engineering Software},
  PUBLISHER = {Elsevier},
  VOLUME = {197},
  PAGES = {103758},
  YEAR = {2024},
  DOI = {10.1016/j.advengsoft.2024.103758},
  HAL_ID = {hal-04723312},
}

@article{hal-04727214,
  TITLE = {2024 update: European consensus statement on gene therapy for spinal muscular atrophy},
  AUTHOR = {Janbernd Kirschner and G\"unther Bernert and Nina Butoianu and Liesbeth de Waele and Aviva Fattal-Valevski and Jana Haberlova and Teresa Moreno and Andrea Klein and Anna Kostera-Pruszczyk and Eugenio Mercuri and Susana Quijano-Roy and Thomas Sejersen and Eduardo F. Tizzano and W. Ludo van der Pol and Sean Wallace and Dimitrios Zafeiriou and Andreas Ziegler and Francesco Muntoni and Laurent Servais},
  URL = {https://hal.science/hal-04727214v1},
  JOURNAL = {European Journal of Paediatric Neurology},
  PUBLISHER = {Elsevier},
  VOLUME = {51},
  PAGES = {73-78},
  YEAR = {2024},
  DOI = {10.1016/j.ejpn.2024.06.001},
  HAL_ID = {hal-04727214},
}

@article{hal-04660725,
  TITLE = {Fluorophosphoniums as Lewis acids in organometallic catalysis: application to the carbonylation of \ensuremath{\beta}-lactones},
  AUTHOR = {Marie-H\'el\`ene Pietraru and Louise Ponsard and Nicolas Lentz and Pierre Thu\'ery and Emmanuel Nicolas and Thibault Cantat},
  URL = {https://hal.science/hal-04660725v1},
  JOURNAL = {Chemical Communications},
  PUBLISHER = {Royal Society of Chemistry},
  VOLUME = {60},
  PAGES = {1043-1046},
  YEAR = {2024},
  DOI = {10.1039/d3cc04282k},
  HAL_ID = {hal-04660725},
}

@unpublished{hal-04434820,
  TITLE = {A novel variable selection method in nonlinear multivariate models using B-splines with an application to geoscience},
  AUTHOR = {Mary E Savino and C\'eline L\'evy-Leduc},
  URL = {https://hal.science/hal-04434820v2},
  JOURNAL = {},
  PUBLISHER = {},
  VOLUME = {},
  PAGES = {},
  YEAR = {2024},
  DOI = {},
  HAL_ID = {hal-04434820},
}

@article{hal-04698458,
  TITLE = {Rainwater shocks and economic growth: The role of the water cycle partition},
  AUTHOR = {Fran\c{c}ois Bareille and Raja Chakir and Charles Regnacq},
  URL = {https://hal.inrae.fr/hal-04698458v1},
  JOURNAL = {Journal of Environmental Economics and Management},
  PUBLISHER = {Elsevier},
  VOLUME = {128},
  PAGES = {103047},
  YEAR = {2024},
  DOI = {10.1016/j.jeem.2024.103047},
  HAL_ID = {hal-04698458},
}

@article{insu-04465273,
  TITLE = {PyBWE: Python tools for Bandwidth Extrapolation of planetary radar signals},
  AUTHOR = {Nicolas Oudart},
  URL = {https://insu.hal.science/insu-04465273v2},
  JOURNAL = {Journal of Open Source Software},
  PUBLISHER = {Open Journals},
  VOLUME = {9},
  PAGES = {6622},
  YEAR = {2024},
  DOI = {10.21105/joss.06622.},
  HAL_ID = {insu-04465273},
}

@inproceedings{insu-04682562,
  TITLE = {Impact of wildfires on stratospheric aerosol composition and dynamics from ground-based and satellite lidars},
  AUTHOR = {Sergey Khaykin and Tetsu Sakai and Ben Liley and Richard Querel and Isamu Morino and Yoshitaka Jin and Tomohiro Nagai and Osamu Uchino and Sophie Godin-Beekmann},
  URL = {https://insu.hal.science/insu-04682562v1},
  JOURNAL = {},
  PUBLISHER = {},
  VOLUME = {},
  PAGES = {},
  YEAR = {2024},
  DOI = {},
  HAL_ID = {insu-04682562},
}

@inproceedings{hal-04629941,
  TITLE = {L'\'economie circulaire dans le contexte de l'industrie automobile Regards crois\'es des chercheurs de l'IUT de Mantes en Yvelines sur le cas de l'usine Renault de Flins},
  AUTHOR = {Jean-Claude Lopez and Guillaume Martin and Benoit Petit and S\'ebastien Charles},
  URL = {https://hal.science/hal-04629941v1},
  JOURNAL = {},
  PUBLISHER = {},
  VOLUME = {},
  PAGES = {},
  YEAR = {2024},
  DOI = {},
  HAL_ID = {hal-04629941},
}

@article{hal-04762091,
  TITLE = {Ferrocene-Mediated Electrochemical Polycyclization of Malonates},
  AUTHOR = {Antoine Lefevre and R\'egis Guillot and Cyrille Kouklovsky and Guillaume Vincent},
  URL = {https://hal.science/hal-04762091v1},
  JOURNAL = {Organic Letters},
  PUBLISHER = {American Chemical Society},
  VOLUME = {26},
  PAGES = {521-534},
  YEAR = {2024},
  DOI = {10.1021/acs.orglett.4c02727},
  HAL_ID = {hal-04762091},
}

@article{hal-04830827,
  TITLE = {Solar Wind Ion Sputtering from Airless Planetary Bodies: New Insights into the Surface Binding Energies for Elements in Plagioclase Feldspars},
  AUTHOR = {Liam S Morrissey and Stefan Bringuier and Caixia Bu and Matthew H Burger and Chuanfei Dong and Denton S Ebel and George E Harlow and Ziyu Huang and Rosemary M Killen and Fran\c{c}ois Leblanc and Amanda Ricketts and Orenthal J Tucker and Daniel W Savin},
  URL = {https://hal.science/hal-04830827v1},
  JOURNAL = {The Planetary Science Journal},
  PUBLISHER = {IOP Science},
  VOLUME = {5},
  PAGES = {272},
  YEAR = {2024},
  DOI = {10.3847/PSJ/ad8eaf},
  HAL_ID = {hal-04830827},
}

@misc{cea-04969863,
  TITLE = {Scandium-catalyzed deoxygenation of alcohols and ketones using hydrosilanes as reductants},
  AUTHOR = {Ruqaya Buhaibeh and Neethu Thyagarajan and Guillaume Bousrez and Louis Monsigny and Emmanuel Nicolas and Thibault Cantat},
  URL = {https://cea.hal.science/cea-04969863v1},
  JOURNAL = {},
  PUBLISHER = {},
  VOLUME = {},
  PAGES = {},
  YEAR = {2024},
  DOI = {},
  HAL_ID = {cea-04969863},
}

@article{hal-04724659,
  TITLE = {Effect of Advanced Footwear Technology Spikes on Sprint Acceleration: A Multiple N-of-1 Trial},
  AUTHOR = {Benjamin Bernuz and Steven Laujac and Cedric Sirial and Stephane Auffret and Cristian Preda and Jean Slawinski and Benjamin Millot and Didier Pradon and Laure Coudrat and Olivier Gavarry},
  URL = {https://hal.science/hal-04724659v1},
  JOURNAL = {Sports medicine - Open},
  PUBLISHER = {Springer},
  VOLUME = {10},
  PAGES = {92},
  YEAR = {2024},
  DOI = {10.1186/s40798-024-00758-w},
  HAL_ID = {hal-04724659},
}

@inproceedings{cea-04969857,
  TITLE = {Scandium-catalyzed deoxygenation of alcohols and ketones using hydrosilanes as reductants},
  AUTHOR = {Neethu Thyagarajan and Guillaume Bousrez and Louis Monsigny and Emmanuel Nicolas and Thibault Cantat},
  URL = {https://cea.hal.science/cea-04969857v1},
  JOURNAL = {},
  PUBLISHER = {},
  VOLUME = {},
  PAGES = {},
  YEAR = {2024},
  DOI = {},
  HAL_ID = {cea-04969857},
}

@article{hal-04180590,
  TITLE = {Playing with the Chaotropic Effect to Improve the Encapsulation of Decaborate Clusters within Cyclodextrins},
  AUTHOR = {Zeinab El Hajj and Sergiu Calancea and Mohamed Haouas and David Landy and Daoud Naoufal and S\'ebastien Floquet},
  URL = {https://hal.science/hal-04180590v1},
  JOURNAL = {Journal of Cluster Science},
  PUBLISHER = {Springer Verlag},
  VOLUME = {35},
  PAGES = {253{\textendash}263},
  YEAR = {2024},
  DOI = {10.1007/s10876-023-02468-x},
  HAL_ID = {hal-04180590},
}

@article{halshs-04556021,
  TITLE = {Une reconversion anticip\'ee de la victime toujours sans influence sur l'\'evaluation du pr\'ejudice indemnisable},
  AUTHOR = {Muriel Chagny},
  URL = {https://shs.hal.science/halshs-04556021v1},
  JOURNAL = {RTDCom. Revue trimestrielle de droit commercial et de droit \'economique},
  PUBLISHER = {Dalloz [2002-....]},
  VOLUME = {},
  PAGES = {71},
  YEAR = {2024},
  DOI = {},
  HAL_ID = {halshs-04556021},
}

@article{halshs-04556022,
  TITLE = {Le contr\^ole de la Cour de cassation sur la m\'ethodologie d'\'evaluation du pr\'ejudice caus\'e par la brutalit\'e de la rupture},
  AUTHOR = {Muriel Chagny},
  URL = {https://shs.hal.science/halshs-04556022v1},
  JOURNAL = {RTDCom. Revue trimestrielle de droit commercial et de droit \'economique},
  PUBLISHER = {Dalloz [2002-....]},
  VOLUME = {},
  PAGES = {72},
  YEAR = {2024},
  DOI = {},
  HAL_ID = {halshs-04556022},
}

@inproceedings{hal-04228560,
  TITLE = {Impact of CPV phases on flavour violating \$H\$ and \$Z\$ decays},
  AUTHOR = {E Pinsard and A Abada and J Kriewald and S Rosauro-Alcaraz and A.M Teixeira},
  URL = {https://hal.science/hal-04228560v1},
  JOURNAL = {},
  PUBLISHER = {},
  VOLUME = {BEAUTY2023},
  PAGES = {061},
  YEAR = {2024},
  DOI = {10.22323/1.443.0061},
  HAL_ID = {hal-04228560},
}

@incollection{hal-04890130,
  TITLE = {Die Medien: Schlachten der Kommunikation},
  AUTHOR = {Olivier Fillieule and Fabien Jobard},
  URL = {https://hal.science/hal-04890130v1},
  JOURNAL = {},
  PUBLISHER = {},
  VOLUME = {},
  PAGES = {211-246},
  YEAR = {2024},
  DOI = {10.1007/978-3-658-41398-9\_7},
  HAL_ID = {hal-04890130},
}

@inproceedings{hal-04747491,
  TITLE = {BiFeO3-based nanoparticles as efficient ferrocatalysts},
  AUTHOR = {Brahim Dkhil},
  URL = {https://hal.science/hal-04747491v1},
  JOURNAL = {},
  PUBLISHER = {},
  VOLUME = {},
  PAGES = {},
  YEAR = {2024},
  DOI = {},
  HAL_ID = {hal-04747491},
}

@patent{hal-04576152,
  TITLE = {Improved placement of physico-chemical parameter sensors in a fluid},
  AUTHOR = {Gilles Fa\"y and Guillaume Cussonneau and Zdravka Do Quang and Jean-Marc Lier and Jean-Fran\c{c}ois Renard and Aur\'elie Chazerain},
  URL = {https://hal.science/hal-04576152v1},
  JOURNAL = {},
  PUBLISHER = {},
  VOLUME = {},
  PAGES = {https://worldwide.espacenet.com/patent/search/family/065685562/publication/EP3821239B1?q=EP3821239B1},
  YEAR = {2024},
  DOI = {},
  HAL_ID = {hal-04576152},
}

@article{hal-04617734,
  TITLE = {Development of a crosswalk to convert French PCS2003 into international ISCO88 occupational classifications. Application to the Occupational Asthma-specific Job-Exposure Matrix (OAsJEM)},
  AUTHOR = {Corinne Pilorget and Brigitte Dananch\'e and Lo{\"\i}c Garras and Florence Orsi and Guillaume Sit and C\'eline Ribet and Marie-T\"ulin Houot and Marcel Goldberg and Orianne Dumas and Nicole Le Moual},
  URL = {https://hal.science/hal-04617734v1},
  JOURNAL = {Annals of Work Exposures and Health},
  PUBLISHER = {Oxford University Press},
  VOLUME = {},
  PAGES = {},
  YEAR = {2024},
  DOI = {10.1093/annweh/wxae049},
  HAL_ID = {hal-04617734},
}

@inproceedings{hal-04951419,
  TITLE = {Les r\'eseaux de sociabilit\'e de Jean-Baptiste \'Etienne : Le Clou, atelier d{\textquoteright}architecte de Georges Lafont et soci\'et\'e artistique et litt\'eraire},
  AUTHOR = {Frederic Crehalet},
  URL = {https://hal.science/hal-04951419v1},
  JOURNAL = {},
  PUBLISHER = {},
  VOLUME = {},
  PAGES = {47-50},
  YEAR = {2024},
  DOI = {},
  HAL_ID = {hal-04951419},
}

@article{hal-04954808,
  TITLE = {Numerical and Experimental Analysis of Dual Fuel Hydrogen/Diesel Combustion at Varying Engine Speed on a Single Cylinder Engine},
  AUTHOR = {Fadila Maroteaux and Salim Sebai and Ezio Mancaruso and Salvatore Rossetti and Patrick Schembri and Katia Radja and Arnault Barichella},
  URL = {https://hal.science/hal-04954808v1},
  JOURNAL = {SAE Technical papers},
  PUBLISHER = {SAE International},
  VOLUME = {},
  PAGES = {},
  YEAR = {2024},
  DOI = {10.4271/2024-24-0044},
  HAL_ID = {hal-04954808},
}

@inproceedings{hal-04666163,
  TITLE = {Simulations of positron capture at Ce+BAF},
  AUTHOR = {Andriy Ushakov and Jay Benesch and Joseph Grames and Sergei Nagaitsev and Nabin Raut and Robert Rimmer and Yves Roblin and Eric Voutier and Shaoheng Wang},
  URL = {https://hal.science/hal-04666163v1},
  JOURNAL = {},
  PUBLISHER = {},
  VOLUME = {IPAC2024},
  PAGES = {MOPC54},
  YEAR = {2024},
  DOI = {10.18429/JACoW-IPAC2024-MOPC54},
  HAL_ID = {hal-04666163},
}

@unpublished{hal-04413940,
  TITLE = {Characterization and optimization of polarized and unpolarized positron production},
  AUTHOR = {Sami Habet and Andriy Ushakov and Eric Voutier},
  URL = {https://hal.science/hal-04413940v1},
  JOURNAL = {},
  PUBLISHER = {},
  VOLUME = {},
  PAGES = {},
  YEAR = {2024},
  DOI = {},
  HAL_ID = {hal-04413940},
}

@article{hal-04836032,
  TITLE = {Plasma ctDNA as a Treatment Response Biomarker in Metastatic Cancers: Evaluation by the RECIST Working Group},
  AUTHOR = {Alexander W. Wyatt and Sofie H. Tolmeijer and Saskia Litiere and Christian Alfano and Jan Bogaerts and Francois Cl\'ement Bidard and Luc Cabel and Lars Dyrskj{\o}t and Chris A. Karlovich and Klaus Pantel and Joan Petrie and Reena Philip and Hillary S. Andrews and Paz J. Vellanki and Xenia Villalobos Alberu and Rodrigo A. Toledo and Elena Garralda and Emiliano Calvo and Alice P. Chen and Elisabeth G.E. de Vries and Lesley Seymour and Scott A. Laurie and Catherine Alix-Panabi\`eres and Gerhardt Attard and Janet Dancey and Robert Ford and Michail Ignatiadis and Joaquin Mateo and Chiharu Mizoguchi and Junki Mizusawa and Judy Needham and Heather Parsons and Christian Rolfo and Dominic Rothwell and Lawrence Schwartz and Lalitha Shankar and Jacqui Shaw and Mark Stewart and Kazuki Sudo and Mickey Williams and Jeanne Tie and Christina Yap},
  URL = {https://hal.science/hal-04836032v1},
  JOURNAL = {Clinical Cancer Research},
  PUBLISHER = {American Association for Cancer Research},
  VOLUME = {30},
  PAGES = {5034-5041},
  YEAR = {2024},
  DOI = {10.1158/1078-0432.CCR-24-1883},
  HAL_ID = {hal-04836032},
}

@article{hal-04616730,
  TITLE = {Sexual Minority Status and Psychotic Experiences Among Young Adult College Students in the United States},
  AUTHOR = {Hans Y. Oh and Louis Jacob and Ai Koyanagi and Lee Smith and Edouard Leaune and Sasha Zhou and Jae Il Shin},
  URL = {https://hal.science/hal-04616730v1},
  JOURNAL = {Journal of Homosexuality},
  PUBLISHER = {Taylor \& Francis (Routledge)},
  VOLUME = {71},
  PAGES = {916-933},
  YEAR = {2024},
  DOI = {10.1080/00918369.2022.2132582},
  HAL_ID = {hal-04616730},
}

@inproceedings{hal-04496950,
  TITLE = {L{\textquoteright}un et l{\textquoteright}autre sexe. L{\textquoteright}entr\'ee des femmes dans la magistrature : arch\'eologie d{\textquoteright}une conqu\^ete'', Communication dans le cadre de la Journ\'ee internationale des droits des femmes, ''Femmes Entraide Justice'', Cour d{\textquoteright}appel de Versailles, 8 mars 2024.},
  AUTHOR = {Claire Bougl\'e-Le Roux},
  URL = {https://hal.science/hal-04496950v1},
  JOURNAL = {},
  PUBLISHER = {},
  VOLUME = {},
  PAGES = {},
  YEAR = {2024},
  DOI = {},
  HAL_ID = {hal-04496950},
}

@inproceedings{hal-04239548,
  TITLE = {Polyglot Jet Finding},
  AUTHOR = {Graeme Andrew Stewart and Philippe Gras and Benedikt Hegner and Atell Krasnopolski},
  URL = {https://hal.science/hal-04239548v1},
  JOURNAL = {},
  PUBLISHER = {},
  VOLUME = {295},
  PAGES = {05017},
  YEAR = {2024},
  DOI = {10.1051/epjconf/202429505017},
  HAL_ID = {hal-04239548},
}

@incollection{halshs-04365351,
  TITLE = {Under the ICSU Umbrella: The Joint Commission on Radioactivity (1947-1955) between IUPAP and IUPAC},
  AUTHOR = {Danielle Fauque and Brigitte van Tiggelen},
  URL = {https://shs.hal.science/halshs-04365351v1},
  JOURNAL = {},
  PUBLISHER = {},
  VOLUME = {},
  PAGES = {},
  YEAR = {2024},
  DOI = {},
  HAL_ID = {halshs-04365351},
}

@article{hal-04356022,
  TITLE = {Tensionless strings on \$\{{\textbackslash}rm AdS\}\_3\$ orbifolds},
  AUTHOR = {Matthias R Gaberdiel and Bin Guo and Samir D Mathur},
  URL = {https://hal.science/hal-04356022v1},
  JOURNAL = {Journal of High Energy Physics},
  PUBLISHER = {Springer},
  VOLUME = {04},
  PAGES = {057},
  YEAR = {2024},
  DOI = {10.1007/JHEP04(2024)057},
  HAL_ID = {hal-04356022},
}

@inproceedings{hal-04597009,
  TITLE = {Transmissive-Type Metagratings with Few Meta-Atoms for Beam Splitting},
  AUTHOR = {Zhen Tan and Jianjia Yi and Badreddine Ratni and Andr\'e de Lustrac and Shah Nawaz Burokur},
  URL = {https://hal.parisnanterre.fr/hal-04597009v1},
  JOURNAL = {},
  PUBLISHER = {},
  VOLUME = {},
  PAGES = {1-5},
  YEAR = {2024},
  DOI = {10.23919/EuCAP60739.2024.10501359},
  HAL_ID = {hal-04597009},
}

@unpublished{hal-04511292,
  TITLE = {Semigroup of annuli in Liouville CFT},
  AUTHOR = {Colin Guillarmou and Antti Kupiainen and R\'emi Rhodes},
  URL = {https://hal.science/hal-04511292v1},
  JOURNAL = {},
  PUBLISHER = {},
  VOLUME = {},
  PAGES = {},
  YEAR = {2024},
  DOI = {},
  HAL_ID = {hal-04511292},
}

@misc{hal-04419616,
  TITLE = {Sodium Borosilicate Glasses Datasets},
  AUTHOR = {Toulou Michel Bertrand Mama and Rountree Cindy and Fossati Paul},
  URL = {https://hal.science/hal-04419616v1},
  JOURNAL = {Mendeley Data},
  PUBLISHER = {},
  VOLUME = {},
  PAGES = {},
  YEAR = {2024},
  DOI = {10.17632/2zphxks2bp.1},
  HAL_ID = {hal-04419616},
}

@inproceedings{hal-04545338,
  TITLE = {Space law and the challenges of commercialization and privatization},
  AUTHOR = {Philippe Achilleas},
  URL = {https://hal.science/hal-04545338v1},
  JOURNAL = {},
  PUBLISHER = {},
  VOLUME = {},
  PAGES = {},
  YEAR = {2024},
  DOI = {},
  HAL_ID = {hal-04545338},
}

@article{hal-04489605,
  TITLE = {Multiplicity Dependence of Quarkonium Production},
  AUTHOR = {Zaida Conesa del Valle},
  URL = {https://hal.science/hal-04489605v1},
  JOURNAL = {Universe},
  PUBLISHER = {MDPI},
  VOLUME = {10},
  PAGES = {59},
  YEAR = {2024},
  DOI = {10.3390/universe10020059},
  HAL_ID = {hal-04489605},
}

@article{hal-04562273,
  TITLE = {J\'anossy Densities and Darboux Transformations for the Stark and Cylindrical KdV Equations},
  AUTHOR = {Tom Claeys and Gabriel Glesner and Giulio Ruzza and Sofia Tarricone},
  URL = {https://hal.science/hal-04562273v1},
  JOURNAL = {Communications in Mathematical Physics},
  PUBLISHER = {Springer Verlag},
  VOLUME = {405},
  PAGES = {113},
  YEAR = {2024},
  DOI = {10.1007/s00220-024-04988-7},
  HAL_ID = {hal-04562273},
}

@article{hal-04466474,
  TITLE = {Large deviations at level 2.5 and for trajectories observables of diffusion processes: the missing parts with respect to their random-walks counterparts},
  AUTHOR = {C\'ecile Monthus},
  URL = {https://hal.science/hal-04466474v1},
  JOURNAL = {Journal of Physics A: Mathematical and Theoretical},
  PUBLISHER = {IOP Publishing},
  VOLUME = {57},
  PAGES = {095002},
  YEAR = {2024},
  DOI = {10.1088/1751-8121/ad26ae},
  HAL_ID = {hal-04466474},
}

@article{hal-04678786,
  TITLE = {Les femmes, l{\textquoteright}IA et les syst\`emes algorithmiques},
  AUTHOR = {Liane Huttner},
  URL = {https://hal.science/hal-04678786v1},
  JOURNAL = {La Semaine juridique. \'Edition g\'en\'erale},
  PUBLISHER = {\'Editions techniques [1942-1995] - \'Editions du Juris-classeur [1995-2004] - LexisNexis [2005-....]},
  VOLUME = {},
  PAGES = {311},
  YEAR = {2024},
  DOI = {},
  HAL_ID = {hal-04678786},
}

@article{hal-04172492,
  TITLE = {The Atacama Cosmology Telescope: Galactic Dust Structure and the Cosmic PAH Background in Cross-correlation with WISE},
  AUTHOR = {Rodrigo C\'ordova Rosado and Brandon S Hensley and Susan E Clark and Adriaan J Duivenvoorden and Zachary Atkins and Elia Stefano Battistelli and Steve K Choi and Jo Dunkley and Carlos Herv{\'\i}as-Caimapo and Zack Li and Thibaut Louis and Sigurd Naess and Lyman A Page and Bruce Partridge and Crist\'obal Sif\'on and Suzanne T Staggs and Cristian Vargas and Edward J Wollack},
  URL = {https://hal.science/hal-04172492v1},
  JOURNAL = {The Astrophysical Journal},
  PUBLISHER = {American Astronomical Society},
  VOLUME = {960},
  PAGES = {96},
  YEAR = {2024},
  DOI = {10.3847/1538-4357/ad05cd},
  HAL_ID = {hal-04172492},
}

